<record><leader>00000cas a2200000 a 4500</leader><controlfield tag="001">19872424</controlfield><controlfield tag="008">890615d188u1905gaudr ne      0    0eng c</controlfield><datafield ind1=" " ind2=" " tag="010"><subfield code="a">sn 89053320 </subfield></datafield><datafield ind1=" " ind2=" " tag="040"><subfield code="a">NLG</subfield><subfield code="b">eng</subfield><subfield code="c">NLG</subfield><subfield code="d">SLU</subfield><subfield code="d">GUA</subfield><subfield code="d">CUI</subfield><subfield code="d">OCLCQ</subfield><subfield code="d">OCLCF</subfield></datafield><datafield ind1="1" ind2=" " tag="029"><subfield code="a">AU@</subfield><subfield code="b">000020551950</subfield></datafield><datafield ind1=" " ind2=" " tag="042"><subfield code="a">pcc</subfield></datafield><datafield ind1=" " ind2=" " tag="043"><subfield code="a">n-us-ga</subfield></datafield><datafield ind1=" " ind2="4" tag="050"><subfield code="a">AN</subfield></datafield><datafield ind1="0" ind2=" " tag="130"><subfield code="a">Macon telegraph (Macon, Ga. : 1885)</subfield></datafield><datafield ind1="1" ind2="4" tag="245"><subfield code="a">The Macon telegraph.</subfield></datafield><datafield ind1=" " ind2=" " tag="260"><subfield code="a">Macon, Ga. :</subfield><subfield code="b">Telegraph and Messenger Pub. Co.,</subfield><subfield code="c">-[1905]</subfield></datafield><datafield ind1=" " ind2=" " tag="300"><subfield code="a">v.</subfield></datafield><datafield ind1=" " ind2=" " tag="310"><subfield code="a">Daily</subfield></datafield><datafield ind1="0" ind2=" " tag="362"><subfield code="a">-Nov. 13, 1905.</subfield></datafield><datafield ind1=" " ind2=" " tag="530"><subfield code="a">Available on microfilm from Micro Photo Inc., University Microfilms International, and University of Georgia Libraries.</subfield></datafield><datafield ind1=" " ind2=" " tag="580"><subfield code="a">Weekly eds.: Weekly telegraph (Macon, Ga.) Oct. 6, 1885-July 1899; Twice-a-week telegraph, Aug. 1899-Nov. 13, 1905.</subfield></datafield><datafield ind1=" " ind2=" " tag="588"><subfield code="a">Description based on: No. 12,023 (Oct. 1, 1885).</subfield></datafield><datafield ind1=" " ind2="0" tag="651"><subfield code="a">Macon (Ga.)</subfield><subfield code="v">Newspapers.</subfield></datafield><datafield ind1=" " ind2="0" tag="651"><subfield code="a">Bibb County (Ga.)</subfield><subfield code="v">Newspapers.</subfield></datafield><datafield ind1=" " ind2="7" tag="655"><subfield code="a">Newspapers.</subfield><subfield code="2">fast</subfield><subfield code="0">(OCoLC)fst01423814</subfield></datafield><datafield ind1=" " ind2="7" tag="651"><subfield code="a">Georgia</subfield><subfield code="z">Bibb County.</subfield><subfield code="2">fast</subfield><subfield code="0">(OCoLC)fst01207988</subfield></datafield><datafield ind1=" " ind2="7" tag="651"><subfield code="a">Georgia</subfield><subfield code="z">Macon.</subfield><subfield code="2">fast</subfield><subfield code="0">(OCoLC)fst01206924</subfield></datafield><datafield ind1=" " ind2=" " tag="752"><subfield code="a">United States</subfield><subfield code="b">Georgia</subfield><subfield code="c">Bibb</subfield><subfield code="d">Macon.</subfield></datafield><datafield ind1="1" ind2=" " tag="775"><subfield code="t">Weekly telegraph (Macon, Ga.)</subfield><subfield code="w">(DLC)sn 89053329</subfield><subfield code="w">(OCoLC)19851385</subfield></datafield><datafield ind1="1" ind2=" " tag="775"><subfield code="t">Twice-a-week telegraph</subfield><subfield code="w">(DLC)sn 89053574</subfield><subfield code="w">(OCoLC)19851376</subfield></datafield><datafield ind1="0" ind2="0" tag="780"><subfield code="t">Macon telegraph and messenger</subfield><subfield code="w">(DLC)sn 85038493</subfield><subfield code="w">(OCoLC)12608657</subfield></datafield><datafield ind1="0" ind2="0" tag="785"><subfield code="t">Macon daily telegraph (Macon, Ga. : 1905)</subfield><subfield code="w">(DLC)sn 89053321</subfield><subfield code="w">(OCoLC)19872384</subfield></datafield></record>